Primary sources:

@InCollection{moortgat2014,
  author       = {Moortgat, Michael},
  title        = {Typelogical Grammar},
  booktitle    = {The Stanford Encyclopedia of Philosophy},
  editor       = {Edward N. Zalta},
  howpublished = {\url{http://plato.stanford.edu/archives/spr2014/entries/typelogical-grammar/}},
  year         = {2014},
  edition      = {Spring 2014},
}

@Article{moortgat2009,
  year         = {2009},
  issn         = {0022-3611},
  journal      = {Journal of Philosophical Logic},
  volume       = {38},
  number       = {6},
  doi          = {10.1007/s10992-009-9118-6},
  title        = {Symmetric Categorial Grammar},
  url          = {http://dx.doi.org/10.1007/s10992-009-9118-6},
  publisher    = {Springer Netherlands},
  keywords     = {Categorial grammar; Lambek calculus; Lambda calculus; Curry-Howard correspondence; Substructural logic},
  author       = {Moortgat, Michael},
  pages        = {681-710},
  language     = {English},
}

@InCollection{moortgat2007,
  doi          = {10.1007/978-3-540-73445-1_19},
  url          = {http://dx.doi.org/10.1007/978-3-540-73445-1_19},
  year         = {2007},
  publisher    = {Springer Berlin Heidelberg},
  pages        = {264--284},
  author       = {Michael Moortgat},
  title        = {Symmetries in Natural Language Syntax and Semantics: The Lambek-Grishin Calculus},
  booktitle    = {Logic,  Language,  Information and Computation}
}

@InProceedings{moortgat1999,
  address      = {Roma},
  author       = {Michael Moortgat and Richard T. Oehrle},
  booktitle    = {Dynamic perspectives in logic and linguistics. Proceedings of the Fourth Roma Workshop},
  editor       = {Michele Abrusci and Claudia Casadio},
  pages        = {131--143},
  publisher    = {Bulzoni},
  title        = {Proof nets for the grammatical base logic},
  year         = {1999}
}

@Book{moot2012,
  title        = {The logic of categorial grammars: a deductive account of natural language syntax and semantics},
  author       = {Moot, Richard and Retor{\'e}, Christian},
  volume       = {6850},
  year         = {2012},
  publisher    = {Springer}
}

@InProceedings{degroote2001,
  author       = {de Groote, Philippe},
  title        = {Towards Abstract Categorial Grammars},
  booktitle    = {Proceedings of the 39th Annual Meeting on Association for Computational Linguistics},
  series       = {ACL '01},
  year         = {2001},
  location     = {Toulouse, France},
  pages        = {252--259},
  numpages     = {8},
  url          = {http://dx.doi.org/10.3115/1073012.1073045},
  doi          = {10.3115/1073012.1073045},
  acmid        = {1073045},
  publisher    = {Association for Computational Linguistics},
  address      = {Stroudsburg, PA, USA},
}

@Article{girard1995,
  title        = {Linear logic: its syntax and semantics},
  author       = {Girard, Jean-Yves},
  journal      = {London Mathematical Society Lecture Note Series},
  pages        = {1--42},
  year         = {1995},
  publisher    = {Cambridge University Press}
}

@Article{girard1987,
  author       = "Jean-Yves Girard",
  title        = "Linear Logic",
  journal      = "Theoretical Computer Science",
  year         = 1987,
  volume       = 50,
  pages        = "1--102"
}

@article{abramsky1993,
  author       = {Samson Abramsky},
  doi          = {http://dx.doi.org/10.1016/0304-3975(93)90181-R},
  issn         = {0304-3975},
  journal      = {Theoretical Computer Science},
  number       = {1--2},
  pages        = {3 - 57},
  title        = {Computational interpretations of linear logic},
  url          = {http://www.sciencedirect.com/science/article/pii/030439759390181R},
  volume       = {111},
  year         = {1993},
}

@InCollection{bastenhof2012,
  year         = {2012},
  isbn         = {978-3-642-32023-1},
  booktitle    = {Formal Grammar},
  volume       = {7395},
  series       = {Lecture Notes in Computer Science},
  editor       = {de Groote, Philippe and Nederhof, Mark-Jan},
  doi          = {10.1007/978-3-642-32024-8_1},
  title        = {Polarized Montagovian Semantics for the Lambek-Grishin Calculus},
  url          = {http://dx.doi.org/10.1007/978-3-642-32024-8_1},
  publisher    = {Springer Berlin Heidelberg},
  author       = {Bastenhof, Arno},
  pages        = {1-16},
  language     = {English}
}

@Article{kandulski1988,
  title        = {The non-associative Lambek calculus},
  author       = {Kandulski, Maciej},
  journal      = {Categorial grammar},
  volume       = {25},
  pages        = {141},
  year         = {1988},
  publisher    = {John Benjamins Publishing}
}


Secondary sources:

@Article{morrill1994,
  title        = {Type Logical Grammar: Categorial Logic of Signs},
  author       = {Glyn Morrill},
  year         = {1994},
  publisher    = {Kluwer Academic Publishers},
  address      = {Dordrecht},
}

@Article{barhillel1953,
  title        = {A quasi-arithmetical notation for syntactic description},
  author       = {Bar-Hillel, Yehoshua},
  journal      = {Language},
  pages        = {47--58},
  year         = {1953},
  publisher    = {JSTOR}
}

@Article{ajdukiewicz1935,
  title        = {Die syntaktische konnexit{\"a}t},
  author       = {Ajdukiewicz, Kazimierz},
  year         = {1935}
}

@Article{morrill2011,
  title        = {The displacement calculus},
  author       = {Morrill, Glyn and Valent{\'\i}n, Oriol and Fadda, Mario},
  journal      = {Journal of Logic, Language and Information},
  volume       = {20},
  number       = {1},
  pages        = {1--48},
  year         = {2011},
  publisher    = {Springer}
}

@Article{lambek1958,
  title        = {The Mathematics of Sentence Structure},
  author       = {Lambek, Joachim},
  journal      = {The American Mathematical Monthly},
  volume       = {65},
  number       = {3},
  pages        = {pp. 154-170},
  ISSN         = {00029890},
  language     = {English},
  year         = {1958},
  publisher    = {Mathematical Association of America},
  copyright    = {Copyright Â© 1958 Mathematical Association of America},
}


@Article{lambek1961,
  title        = {On the calculus of syntactic types},
  author       = {Lambek, Joachim},
  journal      = {Structure of language and its mathematical aspects},
  volume       = {166},
  pages        = {C178},
  year         = {1961},
  publisher    = {Providence, RI: American Mathematical Society}
}

@InCollection{lambek1988,
  title        = {Categorial and categorical grammars},
  author       = {Lambek, Joachim},
  booktitle    = {Categorial grammars and natural language structures},
  pages        = {297--317},
  year         = {1988},
  publisher    = {Springer}
}

@Misc{anoun2004,
  title        = {{Proof automation for type-logical grammars}},
  author       = {Anoun, Houda and Cast{\'e}ran, Pierre and Moot, Richard},
  url          = {https://hal.archives-ouvertes.fr/hal-00344329},
  note         = {Rapport de recherche , European Summer School in Logic, Language and Information - 2004},
  year         = {2004},
  hal_id       = {hal-00344329},
  hal_version  = {v1},
}

@Article{anoun2007,
  author       = {H. Anoun},
  title        = {Une biblioth{\`{e}}que Coq pour le traitement des langues naturelles},
  journal      = {Technique et Science Informatiques},
  volume       = {26},
  number       = {9},
  pages        = {1111--1136},
  year         = {2007},
  url          = {http://dx.doi.org/10.3166/tsi.26.1111-1136},
  doi          = {10.3166/tsi.26.1111-1136},
}

@Book{barker2015,
  author       = {Chris Barker and Chung{\-}chieh Shan},
  title        = {Continuations and Natural Language (Oxford Studies in Theoretical Linguistics)},
  publisher    = {Oxford University Press},
  year         = {2015},
  isbn         = {0199575029},
}

@Article{mcbride2008,
  title        = {Applicative programming with effects},
  author       = {McBride, Conor and Paterson, Ross},
  journal      = {Journal of functional programming},
  volume       = {18},
  number       = {01},
  pages        = {1--13},
  year         = {2008},
  publisher    = {Cambridge Univ Press}
}

@InProceedings{mcbride2014,
  author       = {McBride, Conor Thomas},
  title        = {How to Keep Your Neighbours in Order},
  booktitle    = {Proceedings of the 19th ACM SIGPLAN International Conference on Functional Programming},
  series       = {ICFP '14},
  year         = {2014},
  isbn         = {978-1-4503-2873-9},
  location     = {Gothenburg, Sweden},
  pages        = {297--309},
  numpages     = {13},
  url          = {http://doi.acm.org/10.1145/2628136.2628163},
  doi          = {10.1145/2628136.2628163},
  acmid        = {2628163},
  publisher    = {ACM},
  address      = {New York, NY, USA},
  keywords     = {agda, balancing, dependent types, ordering, sorting},
}




Programming Language Theory:

@InProceedings{norell2009,
  author       = {Ulf Norell},
  title        = {Dependently Typed Programming in Agda},
  booktitle    = {Proceedings of the 4th International Workshop on Types in Language Design and Implementation},
  series       = {TLDI '09},
  year         = {2009},
  isbn         = {978-1-60558-420-1},
  location     = {Savannah, GA, USA},
  pages        = {1--2},
  numpages     = {2},
  url          = {http://doi.acm.org/10.1145/1481861.1481862},
  doi          = {10.1145/1481861.1481862},
  acmid        = {1481862},
  publisher    = {ACM},
  address      = {New York, NY, USA},
  keywords     = {dependent types, programming},
}

@Article{petersen2003,
  author       = {Petersen, Leaf and Harper, Robert and Crary, Karl and Pfenning, Frank},
  title        = {A Type Theory for Memory Allocation and Data Layout},
  journal      = {SIGPLAN Not.},
  issue_date   = {January 2003},
  volume       = {38},
  number       = {1},
  month        = jan,
  year         = {2003},
  issn         = {0362-1340},
  pages        = {172--184},
  numpages     = {13},
  url          = {http://doi.acm.org/10.1145/640128.604147},
  doi          = {10.1145/640128.604147},
  acmid        = {604147},
  publisher    = {ACM},
  address      = {New York, NY, USA},
  keywords     = {data representation, memory management, ordered logic, type theory},
} 

@Article{turner1999,
  title        = {Operational interpretations of linear logic},
  author       = {Turner, David N and Wadler, Philip},
  journal      = {Theoretical Computer Science},
  volume       = {227},
  number       = {1},
  pages        = {231--248},
  year         = {1999},
  publisher    = {Elsevier}
}

@unpublished{bernardy2015,
  title        = {Composable Efficient Array Computations Using Linear Types},
  author       = {Bernardy, Jean-Philippe and Svenningsson, V{\'\i}ctor L{\'o}pez Juan Josef},
  year         = {2015},
}

@InProceedings{igarashi2000,
  title        = {Garbage collection based on a linear type system},
  author       = {Igarashi, Atsushi and Kobayashi, Naoki},
  booktitle    = {Preliminary Proceedings of the 3rd ACM SIGPLAN Workshop on Types in Compilation},
  volume       = {152},
  year         = {2000}
}

@Misc{plasmeijer2002,
  title        = {Concurrent clean language report version 2.1},
  author       = {Plasmeijer, Rinus and van Eekelen, Marko},
  year         = {2002},
  publisher    = {University of Nijmegen, November}
}

@Book{montague1973,
  title        = {The proper treatment of quantification in ordinary English},
  author       = {Richard Montague},
  year         = {1973},
  publisher    = {Springer}
}

@Article{gore1998,
  doi          = {10.1093/jigpal/6.3.451},
  url          = {http://dx.doi.org/10.1093/jigpal/6.3.451},
  year         = {1998},
  month        = {may},
  publisher    = {Oxford University Press ({OUP})},
  volume       = {6},
  number       = {3},
  pages        = {451--504},
  author       = {R Gore},
  title        = {Substructural logics on display},
  journal      = {Logic Journal of {IGPL}}
}

@Article{belnap1982,
  doi          = {10.1007/bf00284976},
  url          = {http://dx.doi.org/10.1007/BF00284976},
  year         = {1982},
  month        = {nov},
  publisher    = {Springer Science $\mathplus$ Business Media},
  volume       = {11},
  number       = {4},
  author       = {NuelD. Belnap},
  title        = {Display logic},
  journal      = {Journal of Philosophical Logic}
}

@Article{bastenhof2013,
  title        ={Categorial Symmetry},
  author       ={Bastenhof, Arno and others},
  year         ={2013},
  publisher    ={Utrecht University}
}

@Article{bernardi2010,
  doi          = {10.1016/j.ic.2009.11.005},
  url          = {http://dx.doi.org/10.1016/j.ic.2009.11.005},
  year         = {2010},
  month        = {may},
  publisher    = {Elsevier {BV}},
  volume       = {208},
  number       = {5},
  pages        = {397--416},
  author       = {Raffaella Bernardi and Michael Moortgat},
  title        = {Continuation semantics for the Lambek{\textendash}Grishin calculus},
  journal      = {Information and Computation}
}

@manual{coq2004,
  title        = {The Coq proof assistant reference manual},
  author       = {\mbox{The Coq development team}},
  organization = {LogiCal Project},
  note         = {Version 8.0},
  year         = {2004},
  url          = "http://coq.inria.fr"
}

@inproceedings{norell2008,
  year         = {2008},
  publisher    = {Association for Computing Machinery ({ACM})},
  author       = {Ulf Norell},
  title        = {Dependently typed programming in Agda},
  booktitle    = {Proceedings of the 4th international workshop on Types in language design and implementation - {TLDI} {\textquotesingle}09}
}

@article{andreoli1992,
  title        = {Logic programming with focusing proofs in linear logic},
  author       = {Andreoli, Jean-Marc},
  journal      = {Journal of Logic and Computation},
  volume       = {2},
  number       = {3},
  pages        = {297--347},
  year         = {1992},
  publisher    = {Oxford Univ Press}
}

@article{girard1991,
  year         = {1991},
  month        = {Nov},
  publisher    = {Cambridge University Press ({CUP})},
  volume       = {1},
  number       = {03},
  pages        = {255},
  author       = {Jean-Yves Girard},
  title        = {A new constructive logic: classic logic},
  journal      = {Math. Struct. in Comp. Science}
}

@inproceedings{moortgat2012,
  title        = {Proofs nets and the categorial flow of information},
  author       = {Moortgat, Michael and Moot, Richard},
  booktitle    = {Logic and Interactive Rationality},
  year         = {2012},
  organization = {Institute of Logic Language and Computation},
}

@incollection{bastenhof2011,
  year         = {2011},
  publisher    = {Springer Science $\mathplus$ Business Media},
  pages        = {33--48},
  author       = {Arno Bastenhof},
  title        = {Polarized Classical Non-associative Lambek Calculus and Formal Semantics},
  booktitle    = {Logical Aspects of Computational Linguistics}
}

@inproceedings{bancilhon1985,
  author       = {Bancilhon, Francois and Maier, David and Sagiv, Yehoshua and Ullman, Jeffrey D},
  title        = {Magic Sets and Other Strange Ways to Implement Logic Programs (Extended Abstract)},
  booktitle    = {Proceedings of the Fifth ACM SIGACT-SIGMOD Symposium on Principles of Database Systems},
  series       = {PODS '86},
  year         = {1986},
  isbn         = {0-89791-179-2},
  location     = {Cambridge, Massachusetts, USA},
  pages        = {1--15},
  numpages     = {15},
  acmid        = {15399},
  publisher    = {ACM},
  address      = {New York, NY, USA},
} 

@incollection{gore2014,
 year          = {2014},
 isbn          = {978-3-662-44601-0},
 booktitle     = {Theoretical Computer Science},
 volume        = {8705},
 series        = {Lecture Notes in Computer Science},
 editor        = {Diaz, Josep and Lanese, Ivan and Sangiorgi, Davide},
 title         = {From Display Calculi to Deep Nested Sequent Calculi: Formalised for Full Intuitionistic Linear Logic},
 publisher     = {Springer Berlin Heidelberg},
 author        = {Dawson, Jeremy E. and Clouston, Ranald and GorÃ©, Rajeev and Tiu, Alwen},
 pages         = {250-264},
 language      = {English}
}

@article{shan2002,
  author       = {Chung{-}chieh Shan},
  title        = {Monads for natural language semantics},
  journal      = {CoRR},
  volume       = {cs.CL/0205026},
  year         = {2002},
}

@book{groenendijk1995,
  title        = {Coreference and modality},
  author       = {Groenendijk, Jeroen and Stokhof, Martin and Veltman, Frank},
  year         = {1995},
  publisher    = {Institute for Logic, Language and Computation (ILLC), University of Amsterdam}
}

@article{moot2015,
  author       = {Richard Moot},
  title        = {Comparing and evaluating extended Lambek calculi},
  journal      = {CoRR},
  volume       = {abs/1506.05561},
  year         = {2015},
}

@incollection{kubota2012,
  doi          = {10.1007/978-3-642-31262-5_9},
  url          = {http://dx.doi.org/10.1007/978-3-642-31262-5_9},
  year         = {2012},
  publisher    = {Springer Science $\mathplus$ Business Media},
  pages        = {135--150},
  author       = {Yusuke Kubota and Robert Levine},
  title        = {Gapping as Like-Category Coordination},
  booktitle    = {Logical Aspects of Computational Linguistics}
}

@book{steedman1988,
  title        = {Combinators and grammars},
  author       = {Steedman, Mark},
  year         = {1988},
  publisher    = {Springer},
}

@incollection{winter2009,
  year         = {2009},
  isbn         = {978-3-642-01747-6},
  booktitle    = {Languages: From Formal to Natural},
  volume       = {5533},
  series       = {Lecture Notes in Computer Science},
  editor       = {Grumberg, Orna and Kaminski, Michael and Katz, Shmuel and Wintner, Shuly},
  doi          = {10.1007/978-3-642-01748-3_3},
  title        = {Scope Dominance with Generalized Quantifiers},
  url          = {http://dx.doi.org/10.1007/978-3-642-01748-3_3},
  publisher    = {Springer Berlin Heidelberg},
  author       = {Ben-Avi, Gilad and Winter, Yoad},
  pages        = {36-44},
  language     = {English},
}

@incollection{grice1975,
  title        = {Logic and Conversation},
  author       = {Grice, HP},
  editor       = {P. Cole and J. Morgan},
  journal      = {Syntax and Semantics},
  volumn       = {3},
  booktitle    = {Speech Acts},
  year         = {1975},
  publisher    = {Academic Press, New York},
}

@inproceedings{potts2003,
  title        = {Expressive content as conventional implicature},
  author       = {Potts, Christopher},
  booktitle    = {Proceedings-Nels},
  volume       = {33},
  pages        = {303--322},
  year         = {2003},
}

@article{gutzmann2011,
  title        = {Expressive modifiers and mixed expressives},
  author       = {Gutzmann, Daniel},
  journal      = {Empirical issues in syntax and semantics},
  volume       = {8},
  pages        = {123--141},
  year         = {2011},
  publisher    = {Citeseer},
}

@article{mccready2010,
  title        = {Varieties of conventional implicature},
  author       = {McCready, Eric Scott},
  journal      = {Semantics and Pragmatics},
  volume       = {3},
  pages        = {8--1},
  year         = {2010},
}

@phdthesis{charlow2014,
  title        = {On the semantics of exceptional scope},
  author       = {Charlow, Simon},
  year         = {2014},
  school       = {New York University}
}

@inproceedings{bumford2013,
  title        = {Universal quantification as iterated conjunction},
  author       = {Bumford, Dylan},
  booktitle    = {Logic, Language and Meaning. Proceedings of the 19th Amsterdam Colloquium},
  pages        = {67--74},
  year         = {2013}
}
