Primary sources:

@InCollection{moortgat2014,
  author       = {Moortgat, Michael},
  title        = {Typelogical Grammar},
  booktitle    = {The Stanford Encyclopedia of Philosophy},
  editor       = {Edward N. Zalta},
  howpublished = {\url{http://plato.stanford.edu/archives/spr2014/entries/typelogical-grammar/}},
  year         = {2014},
  edition      = {Spring 2014},
}

@Book{moot2012,
  title        = {The logic of categorial grammars: a deductive account of natural language syntax and semantics},
  author       = {Moot, Richard and Retor{\'e}, Christian},
  volume       = {6850},
  year         = {2012},
  publisher    = {Springer}
}

@InProceedings{degroote2001,
  author       = {de Groote, Philippe},
  title        = {Towards Abstract Categorial Grammars},
  booktitle    = {Proceedings of the 39th Annual Meeting on Association for Computational Linguistics},
  series       = {ACL '01},
  year         = {2001},
  location     = {Toulouse, France},
  pages        = {252--259},
  numpages     = {8},
  url          = {http://dx.doi.org/10.3115/1073012.1073045},
  doi          = {10.3115/1073012.1073045},
  acmid        = {1073045},
  publisher    = {Association for Computational Linguistics},
  address      = {Stroudsburg, PA, USA},
} 



Secondary sources:

@Article{morrill1994,
  title        = {Type Logical Grammar Categorial Logic of Signs},
  author       = {Morrill, Glyn},
  year         = {1994}
}

@Article{barhillel1953,
  title        = {A quasi-arithmetical notation for syntactic description},
  author       = {Bar-Hillel, Yehoshua},
  journal      = {Language},
  pages        = {47--58},
  year         = {1953},
  publisher    = {JSTOR}
}

@Article{ajdukiewicz1935,
  title        = {Die syntaktische konnexit{\"a}t},
  author       = {Ajdukiewicz, Kazimierz},
  year         = {1935}
}


@Article{lambek1958,
  title        = {The Mathematics of Sentence Structure},
  author       = {Lambek, Joachim},
  journal      = {The American Mathematical Monthly},
  volume       = {65},
  number       = {3},
  pages        = {pp. 154-170},
  ISSN         = {00029890},
  language     = {English},
  year         = {1958},
  publisher    = {Mathematical Association of America},
  copyright    = {Copyright Â© 1958 Mathematical Association of America},
}


@Article{lambek1961,
  title        = {On the calculus of syntactic types},
  author       = {Lambek, Joachim},
  journal      = {Structure of language and its mathematical aspects},
  volume       = {166},
  pages        = {C178},
  year         = {1961},
  publisher    = {Providence, RI: American Mathematical Society}
}
